@article{Blei,
	author = {David M. Blei and Alp Kucukelbir and Jon D. McAuliffe},
	title = {Variational Inference: A Review for Statisticians},
	journal = {Journal of the American Statistical Association},
	volume = {112},
	number = {518},
	pages = {859--877},
	year  = {2017},
	publisher = {Taylor & Francis},
	doi = {10.1080/01621459.2017.1285773},
	URL = {https://doi.org/10.1080/01621459.2017.1285773},
	eprint = {https://doi.org/10.1080/01621459.2017.1285773}
}

@article{Kingma2019,
	title={An Introduction to Variational Autoencoders},
	volume={12},
	ISSN={1935-8245},
	url={http://dx.doi.org/10.1561/2200000056},
	DOI={10.1561/2200000056},
	number={4},
	journal={Foundations and Trends® in Machine Learning},
	publisher={Now Publishers},
	author={Kingma, Diederik P. and Welling, Max},
	year={2019},
	pages={307--392}
}

@article{Rumelhart1986,
	author={Rumelhart, David and Hinton, Geoffrey and Williams, Ronald},
	title={Learning Representations by Back-Propagating Errors},
	journal={Nature},
	year={1986},
	volume={323},
	pages={533--536},
	url={https://doi.org/10.1038/323533a0},
	DOI={10.1038/323533a0}
}

@article{Breiman2001,
	author = "Breiman, Leo",
	doi = "10.1214/ss/1009213726",
	journal = "Statistical Science",
	month = "08",
	number = "3",
	pages = "199--231",
	publisher = "The Institute of Mathematical Statistics",
	title = "Statistical Modeling: The Two Cultures (with comments and a rejoinder by the author)",
	url = "https://doi.org/10.1214/ss/1009213726",
	volume = "16",
	year = "2001"
}

@article{Cybenko1989,
	author = "Cybenko, George",
	title = "Approximations by superpositions of sigmoidal functions",
	journal = "Math. Control Signals Systems",
	fjournal = "Mathematics of Control, Signals, and Systems",
	volume = "2",
	number = "4",
	pages = "303--314",
	publisher = "Springer New York",
	year = "1989"
}

@article{Leshno1993,
	author = "Leshno, Moshe and Lin, Vladimir Y. and Pinkus, Allan and Schocken, Shimon",
	title = "Multilayer feedforward networks with a nonpolynomial activation function can approximate any function",
	journal = "Neural Networks",
	volume = "6",
	number = "6",
	pages = "861--867",
	year = "1993"
}

@article{Rubin1977,
 author = {Dempster, Arthur P. and Laird, Nan M. and Rubin, Donald B.},
 journal = {Journal of the Royal Statistical Society. Series B (Methodological)},
 number = {1},
 pages = {1--38},
 publisher = {[Royal Statistical Society, Wiley]},
 title = {Maximum Likelihood from Incomplete Data via the EM Algorithm},
 volume = {39},
 year = {1977}
}


@book{Goodfellow2016,
	title={Deep Learning},
	author={Ian Goodfellow and Yoshua Bengio and Aaron Courville},
	publisher={MIT Press},
	note={\url{http://www.deeplearningbook.org}},
	year={2016}
}

@book{Czado2011,
	title={Mathematische Statistik},
	author={Claudia Czado and Thorsten Schmidt},
	publisher={Springer},
	address={Berlin / Heidelberg},
	year={2011}
}
 
@book{Casella2004,
	title={Monte Carlo Statistical Methods},
	author={Christian Robert and George Casella},
	publisher={Springer},
	address={New York},
	year={2005}
}

@book{Perko2001,
	title={Differential Equations and Dynamical Systems},
	author={Lawrence Perko},
	publisher={Springer},
	address={New York},
	year={2001}
}

@book{Teschl2012,
	title={Ordinary Differential Equations and Dynamical Systems},
	author={Gerald Teschl},
	publisher={American Mathematical Society},
	address={Providence, Rhode Island},
	year={2012}
}

@book{Behrends2007,
	title={Analysis Band 2},
	author={Ehrhard Behrends},
	publisher={Vieweg},
	address={Wiesbaden},
	year={2007}
}

@misc{Goodfellow2014,
	title={Generative Adversarial Networks},
	author={Ian J. Goodfellow and Jean Pouget-Abadie and Mehdi Mirza and Bing Xu and David Warde-Farley and Sherjil Ozair and Aaron Courville and Yoshua Bengio},
	year={2014},
	note={arXiv:1406.2661},
	eprint={1406.2661},
	archivePrefix={arXiv},
	primaryClass={stat.ML}
}

@misc{Fortuin2019,
	title={{GP-VAE}: Deep Probabilistic Time Series Imputation},
	author={Vincent Fortuin and Dmitry Baranchuk and Gunnar Rätsch and Stephan Mandt},
	year={2019},
	note={arXiv:1907.04155},
	eprint={1907.04155},
	archivePrefix={arXiv},
	primaryClass={stat.ML}
}

@misc{Rackauckas2020,
	title={Universal Differential Equations for Scientific Machine Learning},
	author={Christopher Rackauckas and Yingbo Ma and Julius Martensen and Collin Warner and Kirill Zubov and Rohit Supekar and Dominic Skinner and Ali Ramadhan},
	year={2020},
	note={arXiv:2001.04385},
	eprint={2001.04385},
	archivePrefix={arXiv},
	primaryClass={cs.LG}
}

@misc{Rackauckas2019,
    title={DiffEqFlux.jl - {A} Julia Library for Neural Differential Equations},
    author={Chris Rackauckas and Mike Innes and Yingbo Ma and Jesse Bettencourt and Lyndon White and Vaibhav Dixit},
    year={2019},
    note={arXiv:1902.02376},
    eprint={1902.02376},
    archivePrefix={arXiv},
    primaryClass={cs.LG}
}

@misc{Brouwer2019,
	title={{GRU-ODE-B}ayes: Continuous modeling of sporadically-observed time series},
	author={Edward De Brouwer and Jaak Simm and Adam Arany and Yves Moreau},
	year={2019},
	note={arXiv:1905.12374},
	eprint={1905.12374},
	archivePrefix={arXiv},
	primaryClass={cs.LG}
}
%neurips 2019


@misc{Yildiz2019,
	title={{ODE$^2$VAE}: Deep generative second order ODEs with Bayesian neural networks},
	author={Çağatay Yıldız and Markus Heinonen and Harri Lähdesmäki},
	year={2019},
	note={arXiv:1905.10994},
	eprint={1905.10994},
	archivePrefix={arXiv},
	primaryClass={stat.ML}
}
% neurips 2019

@misc{Gregor2018,
	title={Temporal Difference Variational Auto-Encoder},
	author={Karol Gregor and George Papamakarios and Frederic Besse and Lars Buesing and Theophane Weber},
	year={2018},
	note={arXiv:1806.03107},
	eprint={1806.03107},
	archivePrefix={arXiv},
	primaryClass={cs.LG}
}

@misc{Rubanova2019,
	title={Latent {ODE}s for Irregularly-Sampled Time Series},
	author={Yulia Rubanova and Tian Qi Chen and David Duvenaud},
	year={2019},
	note={arXiv:1907.03907},
	eprint={1907.03907},
	archivePrefix={arXiv},
	primaryClass={cs.LG}
}
%neurips 2019

@InProceedings{Kingma2013,
	  author    = {Diederik P. Kingma and Max Welling},
	  editor    = {Yoshua Bengio and Yann LeCun},
	  title     = {Auto-Encoding Variational Bayes},
  	booktitle = {2nd International Conference on Learning Representations ({ICLR}),
                Conference Track Proceedings},
  	year      = {2014},
 }

@InProceedings{Kingma2015,
	author = {Diederik P. Kingma and Jimmy Ba},
  	editor    = {Yoshua Bengio and Yann LeCun},
  	title     = {Adam: {A} Method for Stochastic Optimization},
  	booktitle = {3rd International Conference on Learning Representations ({ICLR}),
                Conference Track Proceedings},
  	year      = {2015},
  }

@InProceedings{Chen2018,
	title={Neural Ordinary Differential Equations},
	author={Tian Qi Chen and Yulia Rubanova and Jesse Bettencourt and David Duvenaud},
	year={2018},
	booktitle={Advances in Neural Information Processing Systems},
	archivePrefix={arXiv},
	primaryClass={cs.LG}
}
	%pages = {6571--6583},
	%eprint={1806.07366},

@InProceedings{Salakhutdinov09,
	title = 	 {Deep Boltzmann Machines},
	author = 	 {Ruslan Salakhutdinov and Geoffrey Hinton},
	booktitle =  {Proceedings of the Twelth International Conference on Artificial Intelligence and Statistics},
	year = 	 {2009},
	editor = 	 {David van Dyk and Max Welling}
	}
%pages = 	 {448--455},
%volume = 	 {5},
	%series = 	 {Proceedings of Machine Learning Research},
	%address = 	 {Hilton Clearwater Beach Resort, Clearwater Beach, Florida USA},
	%month = 	 {16--18 Apr},
	%publisher = 	 {PMLR},
	%pdf = 	 {http://proceedings.mlr.press/v5/salakhutdinov09a/salakhutdinov09a.pdf},
	%url = 	 {http://proceedings.mlr.press/v5/salakhutdinov09a.html}
	
@incollection{Lu2017,
	title = {The Expressive Power of Neural Networks: A View from the Width},
	author = {Lu, Zhou and Pu, Hongming and Wang, Feicheng and Hu, Zhiqiang and Wang, Liwei},
	booktitle = {Advances in Neural Information Processing Systems 30},
	editor = {I. Guyon and U. V. Luxburg and S. Bengio and H. Wallach and R. Fergus and S. Vishwanathan and R. Garnett},
	year = {2017}
}
	%pages = {6231--6239},
	%url = {http://papers.nips.cc/paper/7203-the-expressive-power-of-neural-networks-a-view-from-the-width.pdf}

@incollection{NealHinton1998,
	title = {A View of the Em Algorithm that Justifies Incremental, Sparse, and other Variants},
	author = {Radford Neal and Geoffrey Hinton},
	booktitle = {Learning in Graphical Models. NATO ASI Series},
	editor = {Jordan M.I.},
	year = {1998}
}
	%pages = {6231--6239},
	%publisher = {Springer},
	%address={Dodrecht}
